<record><leader>00000cas a22000007a 4500</leader><controlfield tag="001">30019947</controlfield><controlfield tag="008">940324d19801983ncuwr ne      0    0eng d</controlfield><datafield ind1=" " ind2=" " tag="010"><subfield code="a">sn 94058206 </subfield></datafield><datafield ind1=" " ind2=" " tag="040"><subfield code="a">NVJ</subfield><subfield code="b">eng</subfield><subfield code="c">NVJ</subfield><subfield code="d">OCLCQ</subfield></datafield><datafield ind1=" " ind2=" " tag="042"><subfield code="a">msc</subfield></datafield><datafield ind1="0" ind2=" " tag="130"><subfield code="a">Princeton leader (Princeton, N.C.)</subfield></datafield><datafield ind1="1" ind2="0" tag="245"><subfield code="a">Princeton leader.</subfield></datafield><datafield ind1=" " ind2=" " tag="260"><subfield code="a">Princeton, N.C. :</subfield><subfield code="b">Peiperpapers, Inc.</subfield></datafield><datafield ind1=" " ind2=" " tag="300"><subfield code="a">v.</subfield></datafield><datafield ind1=" " ind2=" " tag="310"><subfield code="a">Weekly</subfield></datafield><datafield ind1="0" ind2=" " tag="362"><subfield code="a">Vol. 1, no. 1 (May 8, 1980)-v. 4, no. 22 (Sept. 28, 1983).</subfield></datafield><datafield ind1=" " ind2=" " tag="752"><subfield code="a">United States</subfield><subfield code="b">North Carolina</subfield><subfield code="c">Johnston</subfield><subfield code="d">Princeton.</subfield></datafield><datafield ind1="0" ind2="0" tag="785"><subfield code="t">Princeton news leader</subfield><subfield code="w">(DLC)sn 94058207</subfield></datafield></record>